<record><leader>00000cas a2200000 a 4500</leader><controlfield tag="001">12150850</controlfield><controlfield tag="008">850613d19281938ksuwr ne      0    0eng d</controlfield><datafield ind1=" " ind2=" " tag="010"><subfield code="a">sn 85031459 </subfield></datafield><datafield ind1=" " ind2=" " tag="040"><subfield code="a">KSH</subfield><subfield code="b">eng</subfield><subfield code="c">KSH</subfield><subfield code="d">NPT</subfield><subfield code="d">OCL</subfield><subfield code="d">OCLCQ</subfield></datafield><datafield ind1=" " ind2=" " tag="042"><subfield code="a">msc</subfield></datafield><datafield ind1="0" ind2="4" tag="245"><subfield code="a">The Chetopa advance-clipper.</subfield></datafield><datafield ind1=" " ind2=" " tag="260"><subfield code="a">Chetopa, Kan. :</subfield><subfield code="b">H.R. Huston,</subfield><subfield code="c">1928-1938.</subfield></datafield><datafield ind1=" " ind2=" " tag="300"><subfield code="a">10 v. :</subfield><subfield code="b">ill. ;</subfield><subfield code="c">55 cm.</subfield></datafield><datafield ind1=" " ind2=" " tag="310"><subfield code="a">Weekly</subfield></datafield><datafield ind1="0" ind2=" " tag="362"><subfield code="a">Vol. 60, no. 49 (Dec. 6, 1928)-v. 70, no. 52 (Dec. 29, 1938).</subfield></datafield><datafield ind1=" " ind2=" " tag="500"><subfield code="a">Published by: Mr. &amp; Mrs. H.R. Huston, June 7, 1934-Dec. 30, 1937; Don Menn, Jan. 6-Dec. 29, 1938.</subfield></datafield><datafield ind1=" " ind2=" " tag="752"><subfield code="a">United States</subfield><subfield code="b">Kansas</subfield><subfield code="c">Labette</subfield><subfield code="d">Chetopa.</subfield></datafield><datafield ind1="0" ind2="4" tag="780"><subfield code="t">Chetopa advance (Chetopa, Kan. : 1878)</subfield><subfield code="w">(DLC)sn 85031457</subfield></datafield><datafield ind1="0" ind2="4" tag="780"><subfield code="t">Chetopa clipper</subfield><subfield code="w">(DLC)sn 85031458</subfield></datafield><datafield ind1="0" ind2="0" tag="785"><subfield code="t">Chetopa advance (Chetopa, Kan. : 1939)</subfield><subfield code="w">(DLC)sn 85031460</subfield></datafield></record>